%%%%%%%%%%%%%%%%%%%%%%%%%%%%%%%%%%%%%%%%%%%%%%%%%%%%%%%%%%%%%%%%%%%%%%%%%%%%%%%%
%%%%%%%%%%%%%%%%%%%%%% Deep Learning %%%%%%%%%%%%%%%%%%%%%%%%%%%%%%%%%%%%%%%%%%%
%%%%%%%%%%%%%%%%%%%%%%%%%%%%%%%%%%%%%%%%%%%%%%%%%%%%%%%%%%%%%%%%%%%%%%%%%%%%%%%%

@article{adamw,
  author       = {Ilya Loshchilov and
                  Frank Hutter},
  title        = {Fixing Weight Decay Regularization in Adam},
  journal      = {CoRR},
  volume       = {abs/1711.05101},
  year         = {2017},
  url          = {http://arxiv.org/abs/1711.05101},
  eprinttype    = {arXiv},
  eprint       = {1711.05101},
  timestamp    = {Mon, 13 Aug 2018 16:48:18 +0200},
  biburl       = {https://dblp.org/rec/journals/corr/abs-1711-05101.bib},
  bibsource    = {dblp computer science bibliography, https://dblp.org}
}

@inproceedings{lenet,
  added-at = {2010-06-28T21:14:36.000+0200},
  author = {LeCun, Yann and Bottou, LÃ©on and Bengio, Yoshua and Haffner, Patrick},
  biburl = {https://www.bibsonomy.org/bibtex/29aa18bc67d862bdb83b6081e5506f050/mhwombat},
  booktitle = {Proceedings of the IEEE},
  citeseerurl = {http://citeseerx.ist.psu.edu/viewdoc/summary?doi=10.1.1.42.7665},
  file = {:neural_nets/lecun-98.pdf:PDF;:lecun-98.pdf:PDF},
  groups = {public},
  interhash = {7a82cccacd23cf06b25ff5325a6c86c7},
  intrahash = {9aa18bc67d862bdb83b6081e5506f050},
  keywords = {MSc character_recognition checked mnist network neural},
  number = 11,
  pages = {2278--2324},
  timestamp = {2016-07-12T19:25:30.000+0200},
  title = {Gradient-Based Learning Applied to Document
                 Recognition},
  url = {http://citeseerx.ist.psu.edu/viewdoc/summary?doi=10.1.1.42.7665},
  username = {mhwombat},
  volume = 86,
  year = 1998
}

@inproceedings{sift, 
  title={Object recognition from local scale-invariant features}, 
  author={Lowe, David G}, 
  booktitle={Proceedings of the seventh IEEE international conference on computer vision}, 
  volume={2}, 
  pages={1150--1157}, 
  year={1999}, 
  organization={Ieee} 
}

@inproceedings{hog,
  author={Dalal, N. and Triggs, B.},
  booktitle={2005 IEEE Computer Society Conference on Computer Vision and Pattern Recognition (CVPR'05)}, 
  title={Histograms of oriented gradients for human detection}, 
  year={2005},
  volume={1},
  number={},
  pages={886-893 vol. 1},
  doi={10.1109/CVPR.2005.177}
}


@incollection{alexnet,
  added-at = {2016-11-14T12:05:24.000+0100},
  author = {Krizhevsky, Alex and Sutskever, Ilya and Hinton, Geoffrey E.},
  biburl = {https://www.bibsonomy.org/bibtex/2886c491fe45049fee3c9660df30bb5c4/albinzehe},
  booktitle = {Advances in Neural Information Processing Systems 25},
  editor = {Pereira, F. and Burges, C. J. C. and Bottou, L. and Weinberger, K. Q.},
  interhash = {74bbb5dea5afb1b088bd10e317f1f0d2},
  intrahash = {886c491fe45049fee3c9660df30bb5c4},
  keywords = {cnn deeplearning ma-zehe neuralnet},
  pages = {1097--1105},
  publisher = {Curran Associates, Inc.},
  timestamp = {2016-11-14T12:05:24.000+0100},
  title = {ImageNet Classification with Deep Convolutional Neural Networks},
  url = {http://papers.nips.cc/paper/4824-imagenet-classification-with-deep-convolutional-neural-networks.pdf},
  year = 2012
}

@article{vgg,
  added-at = {2016-11-19T13:14:27.000+0100},
  author = {Simonyan, Karen and Zisserman, Andrew},
  bibsource = {dblp computer science bibliography, http://dblp.org},
  biburl = {https://www.bibsonomy.org/bibtex/20ee0434e0a70b329d5518f43f1742f7a/albinzehe},
  interhash = {4e6fa56cb7cf99400d5701543ee228de},
  intrahash = {0ee0434e0a70b329d5518f43f1742f7a},
  journal = {CoRR},
  keywords = {cnn ma-zehe neuralnet},
  timestamp = {2016-11-19T13:14:27.000+0100},
  title = {Very Deep Convolutional Networks for Large-Scale Image Recognition},
  url = {http://arxiv.org/abs/1409.1556},
  volume = {abs/1409.1556},
  year = 2014
}

@article{batchnorm,
  author       = {Sergey Ioffe and
                  Christian Szegedy},
  title        = {Batch Normalization: Accelerating Deep Network Training by Reducing
                  Internal Covariate Shift},
  journal      = {CoRR},
  volume       = {abs/1502.03167},
  year         = {2015},
  url          = {http://arxiv.org/abs/1502.03167},
  eprinttype    = {arXiv},
  eprint       = {1502.03167},
  timestamp    = {Mon, 13 Aug 2018 16:47:06 +0200},
  biburl       = {https://dblp.org/rec/journals/corr/IoffeS15.bib},
  bibsource    = {dblp computer science bibliography, https://dblp.org}
}

@article{googlenet,
  author       = {Christian Szegedy and
                  Wei Liu and
                  Yangqing Jia and
                  Pierre Sermanet and
                  Scott E. Reed and
                  Dragomir Anguelov and
                  Dumitru Erhan and
                  Vincent Vanhoucke and
                  Andrew Rabinovich},
  title        = {Going Deeper with Convolutions},
  journal      = {CoRR},
  volume       = {abs/1409.4842},
  year         = {2014},
  url          = {http://arxiv.org/abs/1409.4842},
  eprinttype    = {arXiv},
  eprint       = {1409.4842},
  timestamp    = {Mon, 13 Aug 2018 16:48:52 +0200},
  biburl       = {https://dblp.org/rec/journals/corr/SzegedyLJSRAEVR14.bib},
  bibsource    = {dblp computer science bibliography, https://dblp.org}
}


@article{resnet,
  author    = {Kaiming He and
               Xiangyu Zhang and
               Shaoqing Ren and
               Jian Sun},
  title     = {Deep Residual Learning for Image Recognition},
  journal   = {CoRR},
  volume    = {abs/1512.03385},
  year      = {2015},
  url       = {http://arxiv.org/abs/1512.03385},
  eprinttype= {arXiv},
  eprint    = {1512.03385},
  timestamp = {Wed, 25 Jan 2023 11:01:16 +0100},
  biburl    = {https://dblp.org/rec/journals/corr/HeZRS15.bib},
  bibsource = {dblp computer science bibliography, https://dblp.org}
}

@article{densenet,
  author       = {Gao Huang and
                  Zhuang Liu and
                  Kilian Q. Weinberger},
  title        = {Densely Connected Convolutional Networks},
  journal      = {CoRR},
  volume       = {abs/1608.06993},
  year         = {2016},
  url          = {http://arxiv.org/abs/1608.06993},
  eprinttype    = {arXiv},
  eprint       = {1608.06993},
  timestamp    = {Mon, 10 Sep 2018 15:49:32 +0200},
  biburl       = {https://dblp.org/rec/journals/corr/HuangLW16a.bib},
  bibsource    = {dblp computer science bibliography, https://dblp.org}
}

@article{lrcn,
  author       = {Jeff Donahue and
                  Lisa Anne Hendricks and
                  Sergio Guadarrama and
                  Marcus Rohrbach and
                  Subhashini Venugopalan and
                  Kate Saenko and
                  Trevor Darrell},
  title        = {Long-term Recurrent Convolutional Networks for Visual Recognition
                  and Description},
  journal      = {CoRR},
  volume       = {abs/1411.4389},
  year         = {2014},
  url          = {http://arxiv.org/abs/1411.4389},
  eprinttype    = {arXiv},
  eprint       = {1411.4389},
  timestamp    = {Mon, 13 Aug 2018 16:46:59 +0200},
  biburl       = {https://dblp.org/rec/journals/corr/DonahueHGRVSD14.bib},
  bibsource    = {dblp computer science bibliography, https://dblp.org}
}

@article{mobilenetv2,
  author       = {Mark Sandler and
                  Andrew G. Howard and
                  Menglong Zhu and
                  Andrey Zhmoginov and
                  Liang{-}Chieh Chen},
  title        = {Inverted Residuals and Linear Bottlenecks: Mobile Networks for Classification,
                  Detection and Segmentation},
  journal      = {CoRR},
  volume       = {abs/1801.04381},
  year         = {2018},
  url          = {http://arxiv.org/abs/1801.04381},
  eprinttype    = {arXiv},
  eprint       = {1801.04381},
  timestamp    = {Tue, 12 Jan 2021 15:30:06 +0100},
  biburl       = {https://dblp.org/rec/journals/corr/abs-1801-04381.bib},
  bibsource    = {dblp computer science bibliography, https://dblp.org}
}

@article{mobilenetv3,
  author       = {Andrew Howard and
                  Mark Sandler and
                  Grace Chu and
                  Liang{-}Chieh Chen and
                  Bo Chen and
                  Mingxing Tan and
                  Weijun Wang and
                  Yukun Zhu and
                  Ruoming Pang and
                  Vijay Vasudevan and
                  Quoc V. Le and
                  Hartwig Adam},
  title        = {Searching for MobileNetV3},
  journal      = {CoRR},
  volume       = {abs/1905.02244},
  year         = {2019},
  url          = {http://arxiv.org/abs/1905.02244},
  eprinttype    = {arXiv},
  eprint       = {1905.02244},
  timestamp    = {Thu, 27 May 2021 16:20:51 +0200},
  biburl       = {https://dblp.org/rec/journals/corr/abs-1905-02244.bib},
  bibsource    = {dblp computer science bibliography, https://dblp.org}
}

@article{efficientnetv2,
  author       = {Mingxing Tan and
                  Quoc V. Le},
  title        = {EfficientNetV2: Smaller Models and Faster Training},
  journal      = {CoRR},
  volume       = {abs/2104.00298},
  year         = {2021},
  url          = {https://arxiv.org/abs/2104.00298},
  eprinttype    = {arXiv},
  eprint       = {2104.00298},
  timestamp    = {Mon, 12 Apr 2021 16:14:56 +0200},
  biburl       = {https://dblp.org/rec/journals/corr/abs-2104-00298.bib},
  bibsource    = {dblp computer science bibliography, https://dblp.org}
}

@article{convnext,
  author       = {Zhuang Liu and
                  Hanzi Mao and
                  Chao{-}Yuan Wu and
                  Christoph Feichtenhofer and
                  Trevor Darrell and
                  Saining Xie},
  title        = {A ConvNet for the 2020s},
  journal      = {CoRR},
  volume       = {abs/2201.03545},
  year         = {2022},
  url          = {https://arxiv.org/abs/2201.03545},
  eprinttype    = {arXiv},
  eprint       = {2201.03545},
  timestamp    = {Thu, 20 Jan 2022 14:21:35 +0100},
  biburl       = {https://dblp.org/rec/journals/corr/abs-2201-03545.bib},
  bibsource    = {dblp computer science bibliography, https://dblp.org}
}


@article{c3d,
  author       = {Du Tran and
                  Lubomir D. Bourdev and
                  Rob Fergus and
                  Lorenzo Torresani and
                  Manohar Paluri},
  title        = {{C3D:} Generic Features for Video Analysis},
  journal      = {CoRR},
  volume       = {abs/1412.0767},
  year         = {2014},
  url          = {http://arxiv.org/abs/1412.0767},
  eprinttype    = {arXiv},
  eprint       = {1412.0767},
  timestamp    = {Mon, 13 Aug 2018 16:49:14 +0200},
  biburl       = {https://dblp.org/rec/journals/corr/TranBFTP14.bib},
  bibsource    = {dblp computer science bibliography, https://dblp.org}
}

@article{i3d,
  author       = {Jo{\~{a}}o Carreira and
                  Andrew Zisserman},
  title        = {Quo Vadis, Action Recognition? {A} New Model and the Kinetics Dataset},
  journal      = {CoRR},
  volume       = {abs/1705.07750},
  year         = {2017},
  url          = {http://arxiv.org/abs/1705.07750},
  eprinttype    = {arXiv},
  eprint       = {1705.07750},
  timestamp    = {Mon, 13 Aug 2018 16:47:23 +0200},
  biburl       = {https://dblp.org/rec/journals/corr/CarreiraZ17.bib},
  bibsource    = {dblp computer science bibliography, https://dblp.org}
}

@article{r2plus1d,
  author       = {Du Tran and
                  Heng Wang and
                  Lorenzo Torresani and
                  Jamie Ray and
                  Yann LeCun and
                  Manohar Paluri},
  title        = {A Closer Look at Spatiotemporal Convolutions for Action Recognition},
  journal      = {CoRR},
  volume       = {abs/1711.11248},
  year         = {2017},
  url          = {http://arxiv.org/abs/1711.11248},
  eprinttype    = {arXiv},
  eprint       = {1711.11248},
  timestamp    = {Mon, 13 Aug 2018 16:46:39 +0200},
  biburl       = {https://dblp.org/rec/journals/corr/abs-1711-11248.bib},
  bibsource    = {dblp computer science bibliography, https://dblp.org}
}

@article{x3d,
  author       = {Christoph Feichtenhofer},
  title        = {{X3D:} Expanding Architectures for Efficient Video Recognition},
  journal      = {CoRR},
  volume       = {abs/2004.04730},
  year         = {2020},
  url          = {https://arxiv.org/abs/2004.04730},
  eprinttype    = {arXiv},
  eprint       = {2004.04730},
  timestamp    = {Tue, 14 Apr 2020 16:40:34 +0200},
  biburl       = {https://dblp.org/rec/journals/corr/abs-2004-04730.bib},
  bibsource    = {dblp computer science bibliography, https://dblp.org}
}

@article{xception,
  author       = {Fran{\c{c}}ois Chollet},
  title        = {Xception: Deep Learning with Depthwise Separable Convolutions},
  journal      = {CoRR},
  volume       = {abs/1610.02357},
  year         = {2016},
  url          = {http://arxiv.org/abs/1610.02357},
  eprinttype    = {arXiv},
  eprint       = {1610.02357},
  timestamp    = {Mon, 13 Aug 2018 16:46:20 +0200},
  biburl       = {https://dblp.org/rec/journals/corr/Chollet16a.bib},
  bibsource    = {dblp computer science bibliography, https://dblp.org}
}

@article{transformer,
  author       = {Ashish Vaswani and
                  Noam Shazeer and
                  Niki Parmar and
                  Jakob Uszkoreit and
                  Llion Jones and
                  Aidan N. Gomez and
                  Lukasz Kaiser and
                  Illia Polosukhin},
  title        = {Attention Is All You Need},
  journal      = {CoRR},
  volume       = {abs/1706.03762},
  year         = {2017},
  url          = {http://arxiv.org/abs/1706.03762},
  eprinttype    = {arXiv},
  eprint       = {1706.03762},
  timestamp    = {Sat, 23 Jan 2021 01:20:40 +0100},
  biburl       = {https://dblp.org/rec/journals/corr/VaswaniSPUJGKP17.bib},
  bibsource    = {dblp computer science bibliography, https://dblp.org}
}

@article{vit,
  author       = {Alexey Dosovitskiy and
                  Lucas Beyer and
                  Alexander Kolesnikov and
                  Dirk Weissenborn and
                  Xiaohua Zhai and
                  Thomas Unterthiner and
                  Mostafa Dehghani and
                  Matthias Minderer and
                  Georg Heigold and
                  Sylvain Gelly and
                  Jakob Uszkoreit and
                  Neil Houlsby},
  title        = {An Image is Worth 16x16 Words: Transformers for Image Recognition
                  at Scale},
  journal      = {CoRR},
  volume       = {abs/2010.11929},
  year         = {2020},
  url          = {https://arxiv.org/abs/2010.11929},
  eprinttype    = {arXiv},
  eprint       = {2010.11929},
  timestamp    = {Fri, 20 Nov 2020 14:04:05 +0100},
  biburl       = {https://dblp.org/rec/journals/corr/abs-2010-11929.bib},
  bibsource    = {dblp computer science bibliography, https://dblp.org}
}

@article{deit,
  author       = {Hugo Touvron and
                  Matthieu Cord and
                  Matthijs Douze and
                  Francisco Massa and
                  Alexandre Sablayrolles and
                  Herv{\'{e}} J{\'{e}}gou},
  title        = {Training data-efficient image transformers {\&} distillation through
                  attention},
  journal      = {CoRR},
  volume       = {abs/2012.12877},
  year         = {2020},
  url          = {https://arxiv.org/abs/2012.12877},
  eprinttype    = {arXiv},
  eprint       = {2012.12877},
  timestamp    = {Tue, 05 Jan 2021 16:02:31 +0100},
  biburl       = {https://dblp.org/rec/journals/corr/abs-2012-12877.bib},
  bibsource    = {dblp computer science bibliography, https://dblp.org}
}

@article{vitlite,
  author       = {Ali Hassani and
                  Steven Walton and
                  Nikhil Shah and
                  Abulikemu Abuduweili and
                  Jiachen Li and
                  Humphrey Shi},
  title        = {Escaping the Big Data Paradigm with Compact Transformers},
  journal      = {CoRR},
  volume       = {abs/2104.05704},
  year         = {2021},
  url          = {https://arxiv.org/abs/2104.05704},
  eprinttype    = {arXiv},
  eprint       = {2104.05704},
  timestamp    = {Mon, 07 Nov 2022 08:34:14 +0100},
  biburl       = {https://dblp.org/rec/journals/corr/abs-2104-05704.bib},
  bibsource    = {dblp computer science bibliography, https://dblp.org}
}

@article{swin,
  author       = {Ze Liu and
                  Yutong Lin and
                  Yue Cao and
                  Han Hu and
                  Yixuan Wei and
                  Zheng Zhang and
                  Stephen Lin and
                  Baining Guo},
  title        = {Swin Transformer: Hierarchical Vision Transformer using Shifted Windows},
  journal      = {CoRR},
  volume       = {abs/2103.14030},
  year         = {2021},
  url          = {https://arxiv.org/abs/2103.14030},
  eprinttype    = {arXiv},
  eprint       = {2103.14030},
  timestamp    = {Thu, 19 May 2022 16:00:58 +0200},
  biburl       = {https://dblp.org/rec/journals/corr/abs-2103-14030.bib},
  bibsource    = {dblp computer science bibliography, https://dblp.org}
}

@article{slowfast,
  author       = {Christoph Feichtenhofer and
                  Haoqi Fan and
                  Jitendra Malik and
                  Kaiming He},
  title        = {SlowFast Networks for Video Recognition},
  journal      = {CoRR},
  volume       = {abs/1812.03982},
  year         = {2018},
  url          = {http://arxiv.org/abs/1812.03982},
  eprinttype    = {arXiv},
  eprint       = {1812.03982},
  timestamp    = {Mon, 29 Apr 2019 07:40:56 +0200},
  biburl       = {https://dblp.org/rec/journals/corr/abs-1812-03982.bib},
  bibsource    = {dblp computer science bibliography, https://dblp.org}
}

@article{gradcam,
  author       = {Ramprasaath R. Selvaraju and
                  Abhishek Das and
                  Ramakrishna Vedantam and
                  Michael Cogswell and
                  Devi Parikh and
                  Dhruv Batra},
  title        = {Grad-CAM: Why did you say that? Visual Explanations from Deep Networks
                  via Gradient-based Localization},
  journal      = {CoRR},
  volume       = {abs/1610.02391},
  year         = {2016},
  url          = {http://arxiv.org/abs/1610.02391},
  eprinttype    = {arXiv},
  eprint       = {1610.02391},
  timestamp    = {Mon, 13 Aug 2018 16:46:58 +0200},
  biburl       = {https://dblp.org/rec/journals/corr/SelvarajuDVCPB16.bib},
  bibsource    = {dblp computer science bibliography, https://dblp.org}
}

% DATASETS
@inproceedings{imagenet, 
  title={Imagenet: A large-scale hierarchical image database}, 
  author={Deng, Jia and Dong, Wei and Socher, Richard and Li, Li-Jia and Li, Kai and Fei-Fei, Li},
    booktitle={2009 IEEE conference on computer vision and pattern recognition}, 
  pages={248--255}, 
  year={2009}, 
  organization={Ieee} 
}

@article{ucf-101,
  author       = {Khurram Soomro and
                  Amir Roshan Zamir and
                  Mubarak Shah},
  title        = {{UCF101:} {A} Dataset of 101 Human Actions Classes From Videos in
                  The Wild},
  journal      = {CoRR},
  volume       = {abs/1212.0402},
  year         = {2012},
  url          = {http://arxiv.org/abs/1212.0402},
  eprinttype    = {arXiv},
  eprint       = {1212.0402},
  timestamp    = {Mon, 13 Aug 2018 16:47:45 +0200},
  biburl       = {https://dblp.org/rec/journals/corr/abs-1212-0402.bib},
  bibsource    = {dblp computer science bibliography, https://dblp.org}
}

@article{kinetics,
  author       = {Will Kay and
                  Jo{\~{a}}o Carreira and
                  Karen Simonyan and
                  Brian Zhang and
                  Chloe Hillier and
                  Sudheendra Vijayanarasimhan and
                  Fabio Viola and
                  Tim Green and
                  Trevor Back and
                  Paul Natsev and
                  Mustafa Suleyman and
                  Andrew Zisserman},
  title        = {The Kinetics Human Action Video Dataset},
  journal      = {CoRR},
  volume       = {abs/1705.06950},
  year         = {2017},
  url          = {http://arxiv.org/abs/1705.06950},
  eprinttype    = {arXiv},
  eprint       = {1705.06950},
  timestamp    = {Thu, 14 Oct 2021 09:15:04 +0200},
  biburl       = {https://dblp.org/rec/journals/corr/KayCSZHVVGBNSZ17.bib},
  bibsource    = {dblp computer science bibliography, https://dblp.org}
}

%%%%%%%%%%%%%%%%%%%%%%%%%%%%%%%%%%%%%%%%%%%%%%%%%%%%%%%%%%%%%%%%%%%%%%%%%%%%%%%%
%%%%%%%%%%%%%%%%%%%%%% WiFi Fingerprinting %%%%%%%%%%%%%%%%%%%%%%%%%%%%%%%%%%%%%
%%%%%%%%%%%%%%%%%%%%%%%%%%%%%%%%%%%%%%%%%%%%%%%%%%%%%%%%%%%%%%%%%%%%%%%%%%%%%%%%

@article{survey1,
  author  = {He, Suining and Chan, S.-H. Gary},
  journal = {IEEE Communications Surveys and Tutorials}, 
  title   = {Wi-Fi Fingerprint-Based Indoor Positioning: Recent Advances and
             Comparisons}, 
  year    = {2016},
  volume  = {18},
  number  = {1},
  pages   = {466-490},
  doi     = {10.1109/COMST.2015.2464084}
}

@article{survey2,
  author       = {Ali Khalajmehrabadi and
                  Nikolaos Gatsis and
                  David Akopian},
  title        = {Modern {WLAN} Fingerprinting Indoor Positioning Methods and Deployment
                  Challenges},
  journal      = {CoRR},
  volume       = {abs/1610.05424},
  year         = {2016},
  url          = {http://arxiv.org/abs/1610.05424},
  eprinttype   = {arXiv},
  eprint       = {1610.05424},
  timestamp    = {Mon, 13 Aug 2018 16:47:35 +0200},
  biburl       = {https://dblp.org/rec/journals/corr/Khalajmehrabadi16b.bib},
  bibsource    = {dblp computer science bibliography, https://dblp.org}
}
}

@article{wireless-positioning,
  author  = {Tahat, Ashraf and Kaddoum, Georges and Yousefi, Siamak and Valaee, Shahrokh and Gagnon, FranÃ§ois},
  year    = {2016},
  month   = {09},
  pages   = {6652 - 6680},
  title   = {A Look at the Recent Wireless Positioning Techniques With a Focus on
             Algorithms for Moving Receivers},
  volume  = {4},
  journal = {IEEE Access},
  doi     = {10.1109/ACCESS.2016.260648}
}

@inproceedings{bluetooth1,
  author    = {Bandara, U. and Hasegawa, M. and Inoue, M. and Morikawa, H. and
               Aoyama, T.},
  booktitle = {Proceedings. 2004 IEEE Radio and Wireless Conference (IEEE Cat.
               No.04TH8746)}, 
  title     = {Design and implementation of a Bluetooth signal strength based
               location sensing system}, 
  year      = {2004},
  pages     = {319-322},
  doi       = {10.1109/RAWCON.2004.1389140}}

@inproceedings{bluetooth2,
  author    = {Chawathe, Sudarshan S.},
  booktitle = {2008 11th International IEEE Conference on Intelligent
               Transportation Systems}, 
  title     = {Beacon Placement for Indoor Localization using Bluetooth}, 
  year      = {2008},
  pages     = {980-985},
  doi       = {10.1109/ITSC.2008.4732690}
}


@article{uwb1,
  author  = {Alsindi, Nayef and Alavi, Bardia and Pahlavan, Kaveh},
  year    = {2009},
  month   = {04},
  pages   = {1046 - 1058},
  title   = {Measurement and Modeling of Ultrawideband TOA-Based Ranging in
             Indoor Multipath Environments},
  volume  = {58},
  journal = {Vehicular Technology, IEEE Transactions on},
  doi     = {10.1109/TVT.2008.926071}
}

@article{uwb2,
  author  = {Alsindi, Nayef and Pahlavan, Kaveh},
  year    = {2008},
  month   = {04},
  title   = {Cooperative Localization Bounds for Indoor Ultra-Wideband Wireless
             Sensor Networks},
  volume  = {2008},
  journal = {EURASIP Journal on Advances in Signal Processing},
  doi     = {10.1155/2008/852509}
}




%%%%%%%%%%%%%%%%%%%%%%%%%%%%%%%%%%%%%%%%%%%%%%%%%%%%%%%%%%%%%%%%%%%%%%%%%%%%%%%%
%%%%%%%%%%%%%%%%%%%%%% SLAM %%%%%%%%%%%%%%%%%%%%%%%%%%%%%%%%%%%%%%%%%%%%%%%%%%%%
%%%%%%%%%%%%%%%%%%%%%%%%%%%%%%%%%%%%%%%%%%%%%%%%%%%%%%%%%%%%%%%%%%%%%%%%%%%%%%%%

@article{mono-slam,
  author={Davison, Andrew J. and Reid, Ian D. and Molton, Nicholas D. and Stasse, Olivier},
  journal={IEEE Transactions on Pattern Analysis and Machine Intelligence}, 
  title={MonoSLAM: Real-Time Single Camera SLAM}, 
  year={2007},
  volume={29},
  number={6},
  pages={1052-1067},
  doi={10.1109/TPAMI.2007.1049}
}

@inproceedings{ptam,
  author={Klein, Georg and Murray, David},
  booktitle={2007 6th IEEE and ACM International Symposium on Mixed and Augmented Reality}, 
  title={Parallel Tracking and Mapping for Small AR Workspaces}, 
  year={2007},
  volume={},
  number={},
  pages={225-234},
  doi={10.1109/ISMAR.2007.4538852}
}

@article{orb-slam,
  author    = {Raul Mur{-}Artal and
               J. M. M. Montiel and
               Juan D. Tard{\'{o}}s},
  title     = {{ORB-SLAM:} a Versatile and Accurate Monocular {SLAM} System},
  journal   = {CoRR},
  volume    = {abs/1502.00956},
  year      = {2015},
  url       = {http://arxiv.org/abs/1502.00956},
  eprinttype = {arXiv},
  eprint    = {1502.00956},
  timestamp = {Mon, 13 Aug 2018 16:47:39 +0200},
  biburl    = {https://dblp.org/rec/journals/corr/Mur-ArtalMT15.bib},
  bibsource = {dblp computer science bibliography, https://dblp.org}
}

@article{deep-vo,
  author    = {Sen Wang and
               Ronald Clark and
               Hongkai Wen and
               Niki Trigoni},
  title     = {DeepVO: Towards End-to-End Visual Odometry with Deep Recurrent Convolutional
               Neural Networks},
  journal   = {CoRR},
  volume    = {abs/1709.08429},
  year      = {2017},
  url       = {http://arxiv.org/abs/1709.08429},
  eprinttype = {arXiv},
  eprint    = {1709.08429},
  timestamp = {Thu, 22 Oct 2020 17:01:22 +0200},
  biburl    = {https://dblp.org/rec/journals/corr/abs-1709-08429.bib},
  bibsource = {dblp computer science bibliography, https://dblp.org}
}

@article{lift-slam,
  author    = {Hudson Martins Silva Bruno and
               Esther Luna Colombini},
  title     = {{LIFT-SLAM:} a deep-learning feature-based monocular visual {SLAM}
               method},
  journal   = {CoRR},
  volume    = {abs/2104.00099},
  year      = {2021},
  url       = {https://arxiv.org/abs/2104.00099},
  eprinttype = {arXiv},
  eprint    = {2104.00099},
  timestamp = {Fri, 16 Jul 2021 08:51:38 +0200},
  biburl    = {https://dblp.org/rec/journals/corr/abs-2104-00099.bib},
  bibsource = {dblp computer science bibliography, https://dblp.org}
}

@article{lidar-slam,
  author       = {Keisuke Sugiura and
                  Hiroki Matsutani},
  title        = {Particle Filter-based vs. Graph-based: {SLAM} Acceleration on Low-end
                  FPGAs},
  journal      = {CoRR},
  volume       = {abs/2103.09523},
  year         = {2021},
  url          = {https://arxiv.org/abs/2103.09523},
  eprinttype    = {arXiv},
  eprint       = {2103.09523},
  timestamp    = {Tue, 23 Mar 2021 16:29:47 +0100},
  biburl       = {https://dblp.org/rec/journals/corr/abs-2103-09523.bib},
  bibsource    = {dblp computer science bibliography, https://dblp.org}
}

%%%%%%%%%%%%%%%%%%%%%%%%%%%%%%%%%%%%%%%%%%%%%%%%%%%%%%%%%%%%%%%%%%%%%%%%%%%%%%%%
%%%%%%%%%%%%%%%%%%%%%% DL %%%%%%%%%%%%%%%%%%%%%%%%%%%%%%%%%%%%%%%%%%%%%%%%%%%%%%
%%%%%%%%%%%%%%%%%%%%%%%%%%%%%%%%%%%%%%%%%%%%%%%%%%%%%%%%%%%%%%%%%%%%%%%%%%%%%%%%

@inproceedings{videocnn,
  author={Karpathy, Andrej and Toderici, George and Shetty, Sanketh and Leung, Thomas and Sukthankar, Rahul and Fei-Fei, Li},
  booktitle={2014 IEEE Conference on Computer Vision and Pattern Recognition}, 
  title={Large-Scale Video Classification with Convolutional Neural Networks}, 
  year={2014},
  volume={},
  number={},
  pages={1725-1732},
  doi={10.1109/CVPR.2014.223}
}



%%%%%%%%%%%%%%%%%%%%%%%%%%%%%%%%%%%%%%%%%%%%%%%%%%%%%%%%%%%%%%%%%%%%%%%%%%%%%%%%
%%%%%%%%%%%%%%%%%%%%%% SOFTWARE %%%%%%%%%%%%%%%%%%%%%%%%%%%%%%%%%%%%%%%%%%%%%%%%
%%%%%%%%%%%%%%%%%%%%%%%%%%%%%%%%%%%%%%%%%%%%%%%%%%%%%%%%%%%%%%%%%%%%%%%%%%%%%%%%

@misc{pytorch,
  title="PyTorch",
  howpublished = "https://pytorch.org",
  notes = "Accessed 23/04/23"
}

@software{pytorch-benchmark,
  author = {Hedegaard, Lukas},
  doi = {10.5281/zenodo.7223585},
  month = {10},
  title = {{PyTorch-Benchmark}},
  version = {0.3.5},
  year = {2022}
}
